3172 4800
660 420 877 473 Praefatio.
1222 426 1342 489 XVIIII

199 636 271 682 cum
295 617 382 699 parte
407 614 537 680 alterius
560 616 633 679 libri
653 615 800 680 continet.
822 616 938 680 desinit
957 619 1088 680 enimin
1110 619 1343 683 Retractatione

200 719 304 805 operis
336 719 387 784 De
423 718 536 783 Genesi
569 719 612 783 od
644 720 780 783 litteram
813 722 867 803 (ll,
905 723 959 802 50)
997 726 1071 805 post
1109 723 1207 786 uerba
1234 722 1343 805 feet’c,

196 825 371 908 perdidisse
397 832 525 907 peccota
553 829 596 908 (p.
629 829 701 903 160,
735 830 798 911 11).
826 828 907 890 liber
937 828 967 891 in
1003 830 1088 893 calce
1117 829 1186 892 folii
1216 831 1246 892 1ι
1266 830 1345 894 hanc

198 933 436 1016 inscriptionem
461 953 479 998 a
501 954 543 996 m.
568 933 626 997 XV
650 953 673 997 s.
693 934 831 998 additam
852 936 992 999 exhibet:
1016 936 1079 999 Iste
1100 934 1342 1000 6100100000-

198 1042 383 1125 prelationis
405 1025 583 1105 sichimitae
603 1040 639 1104 do
652 1040 783 1121 pcarlno:
803 1041 939 1121 ‹lrpntul'
954 1050 982 1103 rh
1000 1043 1064 1122 (uel
1083 1041 1130 1124 iri)
1149 1042 1282 1106 srrroanat'
1301 1029 1347 1105 aad

202 1149 348 1213 Scaeuini
379 1149 405 1212 d
432 1148 574 1228 neapoli:
605 1147 720 1228 sipruu’
753 1156 781 1209 ab
817 1134 859 1212 lla
895 1147 919 1212 S
950 1135 1011 1212 aare
1046 1135 1137 1213 toa.
1172 1149 1345 1231 scripturas

198 1259 307 1320 arrtem
340 1255 435 1319 huius
467 1254 550 1332 libri,
585 1274 657 1317 cum
690 1275 817 1336 prorsus
852 1256 931 1320 nihil
963 1256 1041 1320 utile
1079 1256 1118 1320 ad
1155 1255 1346 1319 emendanda

201 1363 297 1427 uerba
317 1361 481 1443 scriptoris
501 1360 715 1443 suppeditent,
735 1364 858 1425 tantum
879 1362 1013 1443 exempli
1033 1381 1129 1426 causa
1152 1363 1182 1426 in
1207 1361 1344 1443 quinque

201 1469 311 1552 primis
336 1468 427 1552 primi
451 1469 524 1532 libri
548 1467 705 1548 capitibus
731 1468 924 1533 adnotandas
950 1486 1018 1533 esse
1044 1469 1127 1532 duxi.

245 1576 332 1640 Haec
356 1575 419 1639 fere
445 1575 482 1638 de
507 1574 669 1639 codicibus
696 1575 827 1638 dicenda
851 1581 933 1654 sunt,
960 1576 1012 1657 qui
1037 1596 1144 1640 omnes
1170 1595 1260 1640 ame
1285 1594 1346 1656 qua

202 1683 291 1767 potui
315 1702 390 1747 eura
414 1683 537 1746 excussi
562 1684 636 1745 sunt
658 1685 781 1763 praeter
803 1682 1036 1747 Vercellensem
1063 1687 1094 1747 et
1118 1681 1345 1758 Sessorianum,

202 1809 282 1873 quos
306 1790 494 1854 Franciscus
519 1789 624 1868 Klein,
650 1793 681 1853 et
704 1791 882 1854 Parisinum
907 1792 942 1867 P,
968 1811 1059 1872 quem
1081 1790 1211 1855 Carolus
1232 1788 1347 1853 Wothe

203 1916 308 1961 meum
332 1897 363 1961 in
389 1917 484 1961 usum
509 1897 655 1962 contulit.

247 2005 308 2068 llas
337 2023 411 2068 uero
440 2003 703 2084 Retractationes,
733 2023 812 2085 quae
842 2005 926 2068 haud
953 2024 1022 2068 raro
1055 2005 1086 2066 in
1118 2005 1207 2069 libris
1240 2023 1347 2067 manu-

203 2111 329 2194 scriptis
362 2111 495 2194 singulis
524 2111 695 2194 Augustini
724 2111 885 2193 opusculis
914 2112 1105 2192 praemissae
1133 2110 1346 2186 inueniuntur,

204 2219 347 2283 consulto
367 2218 500 2301 neglexi,
520 2238 558 2281 ne
578 2219 693 2281 molem
719 2217 930 2281 adnotationis
954 2219 1047 2281 nimis
1073 2237 1229 2301 augerem,
1254 2216 1347 2298 idque

204 2344 239 2390 eo
268 2325 429 2402 libentiae,
461 2345 532 2389 cum
566 2346 684 2403 omneS,
718 2328 874 2406 quotquot
906 2325 984 2387 mihi
1016 2326 1220 2388 innotuerunt
1252 2323 1347 2386 huius

204 2433 290 2497 modi
313 2433 576 2510 Retractationes,
601 2433 829 2496 nihilomnino
855 2433 928 2496 uoru
953 2432 1004 2494 uel
1028 2432 1116 2513 probi
1141 2431 1180 2495 ad
1206 2430 1348 2494 emenda-

204 2539 323 2604 tionem
352 2540 566 2622 suppeditent,
596 2540 679 2621 quod
708 2559 767 2603 uon
796 2539 826 2602 in
857 2538 961 2619 aliquo
995 2537 1177 2601 alterutrius
1211 2536 1347 2600 familiae

203 2647 284 2711 libro
309 2647 461 2730 scriptum
486 2648 623 2731 legatum
648 2649 738 2711 uelut
761 2646 954 2710 Retractatio
979 2646 1061 2721 libri,
1088 2646 1137 2708 oui
1165 2643 1348 2707 inscribitur

204 2752 255 2817 De
286 2753 409 2817 duobus
441 2754 609 2817 (rheinardus
642 2756 680 2839 ll,
717 2753 782 2838 14),
822 2773 901 2835 quae
937 2752 968 2815 in
1007 2752 1115 2816 codice
1151 2750 1347 2814 Birrxelleusi

205 2881 230 2925 s.
264 2861 293 2923 X
325 2881 352 2924 n.
389 2862 616 2925 10796-600
649 2861 680 2923 in
718 2861 819 2924 fronte
857 2860 963 2924 addita
998 2859 1125 2943 legitur,
1163 2876 1291 2940 prorsus
1330 2876 1347 2919 a

205 2967 367 3031 codicibus
393 2966 446 3032 OD
470 2967 594 3049 pendet,
619 2971 655 3030 ut
677 2968 749 3030 inde
774 2967 931 3048 descripta
955 2986 1024 3030 esse
1048 2965 1204 3029 uideatur.

248 3076 374 3139 Praeter
403 3075 527 3139 codices
555 3075 787 3158 manuscriptos
817 3075 847 3137 in
880 3073 1080 3138 recensendis
1113 3072 1218 3136 uerbis
1251 3071 1347 3134 etiam

204 3182 357 3247 editiones
374 3182 519 3246 consului
534 3182 814 3245 Amerbachianam
830 3180 988 3265 (Basileae
1007 3181 1103 3259 1506)
1118 3178 1347 3242 Louaniensem

203 3289 392 3370 (Autuerpae
419 3289 515 3368 1577)
539 3289 715 3352 Maurinam
739 3287 884 3373 (Parisiis
908 3287 1005 3372 1679)
1032 3290 1063 3350 et
1087 3305 1165 3366 quae
1188 3285 1218 3346 in
1239 3283 1347 3346 Amer-

203 3395 356 3459 bachiana
380 3398 412 3458 et
434 3395 577 3458 Mauriua
601 3396 821 3477 discrepabant
844 3393 953 3458 sedulo
979 3392 1136 3456 adnotaui.

248 3502 436 3583 Priusquam
448 3506 552 3564 autem
568 3502 728 3582 praefandi
747 3502 841 3565 finem
860 3501 983 3578 faciam,
1004 3501 1105 3563 facere
1124 3518 1183 3562 non
1203 3516 1345 3578 possum,

203 3609 278 3692 quin
295 3628 429 3673 errorem
446 3609 618 3686 emendem,
635 3628 727 3690 quem
744 3608 869 3685 admisi,
885 3627 957 3671 crrnr
978 3610 1083 3689 spreta
1102 3605 1237 3669 lectione
1252 3603 1345 3667 libro-

203 3737 272 3781 rum
285 3715 337 3781 OD
350 3715 537 3798 scripturam
549 3717 680 3779 alterius
696 3715 832 3778 familiae
848 3716 880 3778 in
896 3717 1017 3778 textum
1033 3712 1218 3794 reciperem;
1235 3729 1345 3794 parum

203 3823 285 3888 enim
311 3823 505 3886 considerate
529 3841 556 3902 p.
582 3823 633 3899 80,
659 3824 678 3884 d
709 3823 835 3903 scripsi:
865 3842 933 3884 011111
964 3819 1100 3884 uiderem
1125 3870 1131 3882 .
1154 3873 1158 3884 .
1180 3868 1187 3881 .
1208 3869 1214 3880 .
1239 3816 1345 3879 debere

202 3928 388 3994 Moroiclecos
402 3950 438 3991 oc
452 3930 515 3990 icero
526 3948 618 4007 posse
633 3949 701 3991 con
711 3929 805 4003 rainaci,
818 3929 1000 3993 sicutlocus
1013 3928 1195 3991 simillimus
1207 3923 1349 3990 ostendit

203 4058 233 4121 p.
256 4038 328 4114 185,
350 4039 401 4113 14,
421 4036 476 4098 ubi
495 4036 693 4118 Augustinus
719 4037 756 4100 de
775 4036 952 4101 Donatistis
976 4033 1142 4098 haereticis
1162 4031 1251 4095 dicit:
1271 4051 1345 4111 quo-

202 4143 490 4223 100011100001110110
510 4143 731 4205 rriaccntar
752 4142 800 4205 11οῖ
817 4144 921 4206 uicti
940 4162 1004 4206 0000
1022 4144 1246 4214 accurabantur,
1267 4158 1344 4201 corre-

202 4249 296 4315 modo
309 4251 458 4314 breuitate
474 4249 684 4329 coreplcotitur.
695 4250 891 4314 restituenda
904 4249 1002 4332 igitur
1017 4249 1066 4311 est
1081 4246 1236 4328 scriptura
1251 4244 1344 4307 libro-

202 4379 271 4424 rum
292 4357 360 4423 OD:
382 4355 488 4420 debere
501 4357 686 4420 illcaraicheoa
705 4377 742 4421 oc
760 4358 826 4419 ioan
838 4376 931 4437 posse
949 4355 1078 4431 qairrei,
1097 4354 1134 4418 cf.
1154 4373 1182 4436 p.
1200 4353 1273 4425 178,
1291 4352 1342 4413 12.

1276 4452 1310 4504 h*
